# Artigos sobre data offloading em redes celulares utilizando D2D communication

@inproceedings{simbet,
  title={Social network analysis for routing in disconnected delay-tolerant manets},
  author={Daly, Elizabeth M and Haahr, Mads},
  booktitle={Proceedings of the 8th ACM international symposium on Mobile ad hoc networking and computing},
  pages={32--40},
  year={2007},
  organization={ACM}
}

@article{nunes2016groups,
  title={GROUPS-NET: Group Meetings Aware Routing in Multi-Hop D2D Networks},
  author={Nunes, Ivan O and Celes, Clayson and de Melo, Pedro OS and Loureiro, Antonio AF},
  journal={arXiv preprint arXiv:1605.07692},
  year={2016}
}

@ARTICLE{swim, 
author={S. Kosta and A. Mei and J. Stefa}, 
journal={IEEE Transactions on Mobile Computing}, 
title={Large-Scale Synthetic Social Mobile Networks with SWIM}, 
year={2014}, 
volume={13}, 
number={1}, 
pages={116-129}, 
keywords={mobile ad hoc networks;mobility management (mobile radio);protocols;PSN;SWIM;ad hoc networking;contact duration;delegation forwarding;epidemic forwarding;exponential decay dichotomy;forwarding protocols;intercontact times;mobility model;node couples;small world in motion;synthetic social mobile networks;Communities;Computational modeling;Humans;Mathematical model;Mobile communication;Mobile computing;Protocols;Communities;Computational modeling;Humans;Mathematical model;Mobile communication;Mobile computing;Mobility model;Protocols;forwarding protocols in mobile networks;simulations;small world}, 
doi={10.1109/TMC.2012.229}, 
ISSN={1536-1233}, 
month={Jan},}

@ARTICLE{D2Dbubble, 
author={Y. Li and T. Wu and P. Hui and D. Jin and S. Chen}, 
journal={IEEE Communications Magazine}, 
title={Social-aware D2D communications: qualitative insights and quantitative analysis}, 
year={2014}, 
volume={52}, 
number={6}, 
pages={150-158}, 
keywords={cellular radio;next generation networks;social sciences;systems analysis;device-to-device communication;hop gains;interference management;local area services;mobile communication problems;mode selection;next-generation cellular networks;qualitative insight analysis;quantitative analysis;resource allocation;social network property;social networking characteristics;social-aware enhanced D2D communication architecture;spectral reuse;system capacity enhancement;system design;Interference;Local area networks;Mobile communication;Resource management;Smart phones;Social network services;Supply and demand}, 
doi={10.1109/MCOM.2014.6829957}, 
ISSN={0163-6804}, 
month={June},}

@ARTICLE{nunes2016leveraging, 
author={I. O. Nunes and P. O. S. Vaz de Melo and A. A. F. Loureiro}, 
journal={IEEE Wireless Communications}, 
title={Leveraging D2D multihop communication through social group meeting awareness}, 
year={2016}, 
volume={23}, 
number={4}, 
pages={12-19}, 
keywords={cellular radio;delay tolerant networks;mobile computing;routing protocols;social networking (online);D2D multihop communication;delay tolerant networks;device-to-device communication;next generation cellular network;opportunistic routing protocol;social group meeting awareness;Base stations;Computer architecture;Detection algorithms;Device-to-device communication;Heuristic algorithms;Mobile computing;Social groups;Spread spectrum communication}, 
doi={10.1109/MWC.2016.7553021}, 
ISSN={1536-1284}, 
month={August},}
@article{doppler2009device,
  title={Device-to-device communication as an underlay to LTE-advanced networks},
  author={Doppler, Klaus and Rinne, Mika and Wijting, Carl and Ribeiro, C{\'a}ssio B and Hugl, Klaus},
  journal={IEEE Communications Magazine},
  volume={47},
  number={12},
  pages={42--49},
  year={2009},
  publisher={IEEE}
}
@article{aijaz2013survey,
  title={A survey on mobile data offloading: technical and business perspectives},
  author={Aijaz, Adnan and Aghvami, Hamid and Amani, Mojdeh},
  journal={IEEE Wireless Communications},
  volume={20},
  number={2},
  pages={104--112},
  year={2013},
  publisher={IEEE}
}
@inproceedings{pyattaev2013proximity,
  title={Proximity-based data offloading via network assisted device-to-device communications},
  author={Pyattaev, Alexander and Johnsson, Kerstin and Andreev, Sergey and Koucheryavy, Yevgeni},
  booktitle={Vehicular Technology Conference (VTC Spring), 2013 IEEE 77th},
  pages={1--5},
  year={2013},
  organization={IEEE}
}
@article{asadi2014survey,
  title={A survey on device-to-device communication in cellular networks},
  author={Asadi, Arash and Wang, Qing and Mancuso, Vincenzo},
  journal={IEEE Communications Surveys \& Tutorials},
  volume={16},
  number={4},
  pages={1801--1819},
  year={2014},
  publisher={IEEE}
}
@article{andreev2014cellular,
  title={Cellular traffic offloading onto network-assisted device-to-device connections},
  author={Andreev, Sergey and Pyattaev, Alexander and Johnsson, Kerstin and Galinina, Olga and Koucheryavy, Yevgeni},
  journal={IEEE Communications Magazine},
  volume={52},
  number={4},
  pages={20--31},
  year={2014},
  publisher={IEEE}
}
@article{antonopoulos2014game,
  title={Game theoretic D2D content dissemination in 4G cellular networks},
  author={Antonopoulos, Angelos and Kartsakli, Elli and Verikoukis, Christos},
  journal={IEEE Communications Magazine},
  volume={52},
  number={6},
  pages={125--132},
  year={2014},
  publisher={IEEE}
}
@article{bastug2014living,
  title={Living on the edge: The role of proactive caching in 5G wireless networks},
  author={Bastug, Ejder and Bennis, Mehdi and Debbah, M{\'e}rouane},
  journal={IEEE Communications Magazine},
  volume={52},
  number={8},
  pages={82--89},
  year={2014},
  publisher={IEEE}
}




# Livro de redes oportunistas móveis
@article{misra2016opportunistic,
  title={Opportunistic Mobile Networks},
  author={Misra, Sudip and Saha, Barun Kumar and Pal, Sujata},
  year={2016},
  publisher={Springer}
}

# Artigo de introdução do conceito de DTN
@inproceedings{fall2003delay,
  title={A delay-tolerant network architecture for challenged internets},
  author={Fall, Kevin},
  booktitle={Proceedings of the 2003 conference on Applications, technologies, architectures, and protocols for computer communications},
  pages={27--34},
  year={2003},
  organization={ACM}
}

# Artigo de introdução do conceito de redes oportunistas
@article{pelusi2006opportunistic,
  title={Opportunistic networking: data forwarding in disconnected mobile ad hoc networks},
  author={Pelusi, Luciana and Passarella, Andrea and Conti, Marco},
  journal={IEEE Communications Magazine},
  volume={44},
  number={11},
  pages={134--141},
  year={2006},
  publisher={IEEE}
}

# Redes interplanetárias
@article{burleigh2003delay,
  title={Delay-tolerant networking: an approach to interplanetary internet},
  author={Burleigh, Scott and Hooke, Adrian and Torgerson, Leigh and Fall, Kevin and Cerf, Vint and Durst, Bob and Scott, Keith and Weiss, Howard},
  journal={IEEE Communications Magazine},
  volume={41},
  number={6},
  pages={128--136},
  year={2003},
  publisher={IEEE}
}

# Redes aquáticas
@inproceedings{merani2011underwater,
  title={An underwater convergence layer for disruption tolerant networking},
  author={Merani, Diego and Berni, Alessandro and Potter, John and Martins, Ricardo},
  booktitle={Internet Communications (BCFIC Riga), 2011 Baltic Congress on Future},
  pages={103--108},
  year={2011},
  organization={IEEE}
}

# DTN em cenários pós-desastres.
@incollection{saha2011post,
  title={Post disaster management using delay tolerant network},
  author={Saha, Sujoy and Sheldekar, Anirudh and Mukherjee, Amartya and Nandi, Subrata and others},
  booktitle={Recent Trends in Wireless and Mobile Networks},
  pages={170--184},
  year={2011},
  publisher={Springer}
}

# SimBet
@inproceedings{daly2007social,
  title={Social network analysis for routing in disconnected delay-tolerant manets},
  author={Daly, Elizabeth M and Haahr, Mads},
  booktitle={Proceedings of the 8th ACM international symposium on Mobile ad hoc networking and computing},
  pages={32--40},
  year={2007},
  organization={ACM}
}

# The one simulator
@inproceedings{keranen2009one,
  title={The ONE simulator for DTN protocol evaluation},
  author={Ker{\"a}nen, Ari and Ott, J{\"o}rg and K{\"a}rkk{\"a}inen, Teemu},
  booktitle={Proceedings of the 2nd international conference on simulation tools and techniques},
  pages={55},
  year={2009},
  organization={ICST (Institute for Computer Sciences, Social-Informatics and Telecommunications Engineering)}
}

# Protocolos de encaminhamento
# epidemic
@misc{vahdat2000epidemic,
  title={Epidemic routing for partially connected ad hoc networks},
  author={Vahdat, Amin and Becker, David and others},
  year={2000},
  publisher={Technical Report CS-200006, Duke University}
}

# prophet
@article{lindgren2003probabilistic,
  title={Probabilistic routing in intermittently connected networks},
  author={Lindgren, Anders and Doria, Avri and Schel{\'e}n, Olov},
  journal={ACM SIGMOBILE mobile computing and communications review},
  volume={7},
  number={3},
  pages={19--20},
  year={2003},
  publisher={ACM}
}

# bubble rap
@article{hui2011bubble,
  title={Bubble rap: Social-based forwarding in delay-tolerant networks},
  author={Hui, Pan and Crowcroft, Jon and Yoneki, Eiko},
  journal={IEEE Transactions on Mobile Computing},
  volume={10},
  number={11},
  pages={1576--1589},
  year={2011},
  publisher={IEEE}
}

# sampler
@unpublished{sampler,
	title={SAMPLER: Combining Mobility, Points of Interest and Social Awareness in DTN/D2D Routing},
	author={Nunes, Ivan O. and Celes, Clayson and Nunes, Igor and Melo, Pedro O. S. Vaz and Loureiro, Antonio A. F.},
	year={2016},
	organization={Department of Computer Science, Feral University of Minas Gerais, Brazil}
}
# spray and wait
@inproceedings{spyropoulos2005spray,
  title={Spray and wait: an efficient routing scheme for intermittently connected mobile networks},
  author={Spyropoulos, Thrasyvoulos and Psounis, Konstantinos and Raghavendra, Cauligi S},
  booktitle={Proceedings of the 2005 ACM SIGCOMM workshop on Delay-tolerant networking},
  pages={252--259},
  year={2005},
  organization={ACM}
}

# Artigo de congestion control, mesmo autor do Adyton Simulator
@inproceedings{akestoridis2014exploiting,
  title={Exploiting social preferences for congestion control in opportunistic networks},
  author={Akestoridis, Dimitrios-Georgios and Papanikos, Nikolaos and Papapetrou, Evangelos},
  booktitle={2014 IEEE 10th International Conference on Wireless and Mobile Computing, Networking and Communications (WiMob)},
  pages={413--418},
  year={2014},
  organization={IEEE}
}

# Mensagens entregues não são removidas de DTN
@article{bindra2012need,
  title={Need of Removing Delivered Message Replica from Delay Tolerant Network-A Problem Definition},
  author={Bindra, Harminder Singh and Sangal, AL},
  journal={International Journal of Computer Network and Information Security},
  volume={4},
  number={12},
  pages={59},
  year={2012},
  publisher={Modern Education and Computer Science Press}
}

# MDC-SR
@article{rashid2013message,
  title={Message drop control buffer management policy for DTN routing protocols},
  author={Rashid, Sulma and Ayub, Qaisar and Zahid, M Soperi Mohd and Abdullah, Abdul Hanan},
  journal={Wireless personal communications},
  volume={72},
  number={1},
  pages={653--669},
  year={2013},
  publisher={Springer}
}

# Survey of congestion control in DTN
@article{silva2015survey,
  title={A survey on congestion control for delay and disruption tolerant networks},
  author={Silva, Aloizio P and Burleigh, Scott and Hirata, Celso M and Obraczka, Katia},
  journal={Ad Hoc Networks},
  volume={25},
  pages={480--494},
  year={2015},
  publisher={Elsevier}
}

# MOFO
@inproceedings{lindgren2006evaluation,
  title={Evaluation of queueing policies and forwarding strategies for routing in intermittently connected networks},
  author={Lindgren, Anders and Phanse, Kaustubh S},
  booktitle={2006 1st International Conference on Communication Systems Software \& Middleware},
  pages={1--10},
  year={2006},
  organization={IEEE}
}

# Global knowledge based drop
@inproceedings{krifa2008optimal,
  title={Optimal buffer management policies for delay tolerant networks},
  author={Krifa, Amir and Barakat, Chadi and Spyropoulos, Thrasyvoulos},
  booktitle={2008 5th Annual IEEE Communications Society Conference on Sensor, Mesh and Ad Hoc Communications and Networks},
  pages={260--268},
  year={2008},
  organization={IEEE}
}

#E-Drop
@article{rashid2011drop,
  title={E-drop: An effective drop buffer management policy for DTN routing protocols},
  author={Rashid, Sulma and Ayub, Qaisar and Zahid, M Soperi Mohd and Abdullah, A Hanan},
  journal={Int. J. Computer Applications},
  pages={118--121},
  year={2011},
  publisher={Citeseer}
}

# N-Drop
@inproceedings{li2009n,
  title={N-Drop: congestion control strategy under epidemic routing in DTN},
  author={Li, Yun and Zhao, Ling and Liu, Zhanjun and Liu, Qilie},
  booktitle={Proceedings of the 2009 international conference on wireless communications and mobile computing: connecting the world wirelessly},
  pages={457--460},
  year={2009},
  organization={ACM}
}

# T-Drop
@article{ayub2010t,
  title={T-Drop: An optimal buffer management policy to improve QOS in DTN routing protocols},
  author={Ayub, Qaisar and Rashid, Sulma},
  journal={Journal of Computing},
  volume={2},
  number={10},
  pages={46--50},
  year={2010}
}

# LPS and LRF
@inproceedings{naves2012lps,
  title={LPS and LRF: Efficient buffer management policies for Delay and Disruption Tolerant Networks},
  author={Naves, Juliano Fischer and Moraes, Igor Monteiro and Albuquerque, Celio},
  booktitle={Local Computer Networks (LCN), 2012 IEEE 37th Conference on},
  pages={368--375},
  year={2012},
  organization={IEEE}
}

# NCCU
@article{tsai2015nccu,
  title={NCCU Trace: social-network-aware mobility trace},
  author={Tsai, Tzu-Chieh and Chan, Ho-Hsiang},
  journal={IEEE Communications Magazine},
  volume={53},
  number={10},
  pages={144--149},
  year={2015},
  publisher={IEEE}
}

# SWIM
@inproceedings{kosta2010small,
  title={Small world in motion (SWIM): Modeling communities in ad-hoc mobile networking},
  author={Kosta, Sokol and Mei, Alessandro and Stefa, Julinda},
  booktitle={2010 7th Annual IEEE Communications Society Conference on Sensor, Mesh and Ad Hoc Communications and Networks (SECON)},
  pages={1--9},
  year={2010},
  organization={IEEE}
}

# DTN metrics
@inproceedings{grasic2012analysis,
  title={An analysis of evaluation practices for dtn routing protocols},
  author={Grasic, Samo and Lindgren, Anders},
  booktitle={Proceedings of the seventh ACM international workshop on Challenged networks},
  pages={57--64},
  year={2012},
  organization={ACM}
}

@inproceedings{hui2007distributed,
  title={Distributed community detection in delay tolerant networks},
  author={Hui, Pan and Yoneki, Eiko and Chan, Shu Yan and Crowcroft, Jon},
  booktitle={Proceedings of 2nd ACM/IEEE international workshop on Mobility in the evolving internet architecture},
  pages={7},
  year={2007},
  organization={ACM}
}

# First-Contact
@book{jain2004routing,
  title={Routing in a delay tolerant network},
  author={Jain, Sushant and Fall, Kevin and Patra, Rabin},
  volume={34},
  number={4},
  year={2004},
  publisher={ACM}
}

# Direct Delivery
@inproceedings{spyropoulos2004single,
  title={Single-copy routing in intermittently connected mobile networks},
  author={Spyropoulos, Thrasyvoulos and Psounis, Konstantinos and Raghavendra, Cauligi S},
  booktitle={Sensor and Ad Hoc Communications and Networks, 2004. IEEE SECON 2004. 2004 First Annual IEEE Communications Society Conference on},
  pages={235--244},
  year={2004},
  organization={IEEE}
}

# Spray and Focus
@inproceedings{spyropoulos2007spray,
  title={Spray and focus: Efficient mobility-assisted routing for heterogeneous and correlated mobility},
  author={Spyropoulos, Thrasyvoulos and Psounis, Konstantinos and Raghavendra, Cauligi S},
  booktitle={Pervasive Computing and Communications Workshops, 2007. PerCom Workshops' 07. Fifth Annual IEEE International Conference on},
  pages={79--85},
  year={2007},
  organization={IEEE}
}

# Drop largest
@article{rashid2010efficient,
  title={Efficient buffer management policy DLA for DTN routing protocols under congestion},
  author={Rashid, Sulma and Ayub, Qaisar},
  journal={international Journal of computer and Network Security},
  volume={2},
  number={9},
  pages={118--121},
  year={2010}
}